<record><leader>00000cas a22000007a 4500</leader><controlfield tag="001">39114972</controlfield><controlfield tag="008">980514d19541954akuwr ne      0    0eng d</controlfield><datafield ind1=" " ind2=" " tag="010"><subfield code="a">sn 98060234 </subfield></datafield><datafield ind1=" " ind2=" " tag="040"><subfield code="a">ANE</subfield><subfield code="b">eng</subfield><subfield code="c">ANE</subfield><subfield code="d">OCLCQ</subfield><subfield code="d">WAU</subfield><subfield code="d">OCLCQ</subfield><subfield code="d">OCLCF</subfield><subfield code="d">OCLCO</subfield></datafield><datafield ind1=" " ind2=" " tag="019"><subfield code="a">14878970</subfield></datafield><datafield ind1="1" ind2=" " tag="029"><subfield code="a">AU@</subfield><subfield code="b">000013957275</subfield></datafield><datafield ind1=" " ind2=" " tag="042"><subfield code="a">msc</subfield></datafield><datafield ind1=" " ind2=" " tag="043"><subfield code="a">n-us-ak</subfield></datafield><datafield ind1=" " ind2=" " tag="090"><subfield code="a">F914.H65</subfield><subfield code="b">S96</subfield></datafield><datafield ind1="0" ind2="0" tag="245"><subfield code="a">Swopping news.</subfield></datafield><datafield ind1=" " ind2=" " tag="260"><subfield code="a">[Homer, Alaska] :</subfield><subfield code="b">Bob Norman,</subfield><subfield code="c">-1954.</subfield></datafield><datafield ind1=" " ind2=" " tag="300"><subfield code="a">v.</subfield></datafield><datafield ind1=" " ind2=" " tag="310"><subfield code="a">Weekly</subfield></datafield><datafield ind1="1" ind2=" " tag="362"><subfield code="a">Began in 1954.</subfield></datafield><datafield ind1="0" ind2=" " tag="362"><subfield code="a">-no. 46 (Dec. 31, 1954).</subfield></datafield><datafield ind1=" " ind2=" " tag="588"><subfield code="a">Description based on: Mar. 17, 1954.</subfield></datafield><datafield ind1=" " ind2="0" tag="651"><subfield code="a">Homer (Alaska)</subfield><subfield code="v">Newspapers.</subfield></datafield><datafield ind1=" " ind2="7" tag="655"><subfield code="a">Newspapers.</subfield><subfield code="2">fast</subfield><subfield code="0">(OCoLC)fst01423814</subfield></datafield><datafield ind1=" " ind2="7" tag="651"><subfield code="a">Alaska</subfield><subfield code="z">Homer.</subfield><subfield code="2">fast</subfield><subfield code="0">(OCoLC)fst01217115</subfield></datafield><datafield ind1=" " ind2=" " tag="752"><subfield code="a">United States</subfield><subfield code="b">Alaska</subfield><subfield code="d">Homer.</subfield></datafield><datafield ind1="0" ind2="0" tag="785"><subfield code="t">Homer herald</subfield><subfield code="w">(DLC)sn 98060235</subfield><subfield code="w">(OCoLC)39114971</subfield></datafield></record>